001  0000031
005  20170603110310.907
008  170218s||||     bl|||||||||||||||||por|u
020    $a9788561191184
040    $aPorto Alegre$bpor
090    $a82-2$bA161e
100 1  $aAbrantes, José Mena
245 10 $aElinga – Teatro, performances do teatro angolano$bKimpa Vita e outras cenas$cJosé Mena Abrantes
260    $aBelo Horizonte, Luanda$bNandyala, Elinga – Teatro$c2009
300    $a152 p.
490 0  $aColeção para ler África
650    $aLiteratura Angolana
650    $aTeatro
650    $aPeça Teatral
650    $aTeatro Angolano
